

@article{Czegledi16,
  title={Polarization drift channel model for coherent fibre-optic systems},
  author={Czegledi, Cristian B and Karlsson, Magnus and Agrell, Erik and Johannisson, Pontus},
  journal={Scientific reports},
  volume={6},
  pages={21217},
  year={2016},
  publisher={Nature Publishing Group}
}

@article{Karlsson00,
  title={Long-term measurement of PMD and polarization drift in installed fibers},
  author={Karlsson, Magnus and Brentel, Jonas and Andrekson, Peter A},
  journal={JOURNAL OF lightwave technology},
  volume={18},
  number={7},
  pages={941},
  year={2000},
  publisher={IEEE}
}

@article{Almeida16,
  title={Continuous Control of Random Polarization Rotations for Quantum Communications},
  author={Almeida, {\'A}lvaro J and Muga, Nelson J and Silva, Nuno A and Prata, Jo{\~a}o M and Andr{\'e}, Paulo S and Pinto, Armando N},
  journal={Journal of Lightwave Technology},
  volume={34},
  number={16},
  pages={3914--3922},
  year={2016},
  publisher={IEEE}
}

@Inbook{Liu09,
author={Liu, Tie-Ming
and Jiang, Lie-hui
and He, Hong-qi
and Li, Ji-zhong
and Yu, Xian},
editor={{\'{S}}l{\k{e}}zak, Dominik
and Kim, Tai-hoon
and Fang, Wai-Chi
and Arnett, Kirk P.},
title={Researching on Cryptographic Algorithm Recognition Based on Static Characteristic-Code},
bookTitle={Security Technology: International Conference, SecTech 2009, Held as Part of the Future Generation
Information Technology Conference, FGIT 2009, Jeju Island, Korea, December 10-12, 2009. Proceedings},
year={2009},
publisher={Springer Berlin Heidelberg},
address={Berlin, Heidelberg},
pages={140--147},
doi={10.1007/978-3-642-10847-1_18},
url={https://doi.org/10.1007/978-3-642-10847-1_18}
}

@Inbook{Brassard94,
author={Brassard, Gilles
and Salvail, Louis},
editor={Helleseth, Tor},
title={Secret-Key Reconciliation by Public Discussion},
bookTitle={Advances in Cryptology --- EUROCRYPT '93: Workshop on the Theory and Application of Cryptographic
Techniques Lofthus, Norway, May 23--27, 1993 Proceedings},
year={1994},
publisher={Springer Berlin Heidelberg},
address={Berlin, Heidelberg},
pages={410--423},
doi={10.1007/3-540-48285-7_35},
url={https://doi.org/10.1007/3-540-48285-7_35}
}

@article{Gordon00,
  title={PMD fundamentals: Polarization mode dispersion in optical fibers},
  author={Gordon, JP and Kogelnik, H},
  journal={Proceedings of the National Academy of Sciences},
  volume={97},
  number={9},
  pages={4541--4550},
  year={2000},
  publisher={National Acad Sciences}
}
