% Encoding: UTF-8

@Manual{thorlabs,
  title  = {Thorlabs Balance Amplified Photodetectors: PDB4xx Series Operation Manual},
  author = {Thorlabs},
  year   = {2014},
}

@Comment{jabref-meta: databaseType:bibtex;}
